<record><leader>00000cas a2200000 a 4500</leader><controlfield tag="001">10315456</controlfield><controlfield tag="008">840119d18651865nduwr ne      0    0eng c</controlfield><datafield ind1=" " ind2=" " tag="010"><subfield code="a">sn 84022132 </subfield></datafield><datafield ind1=" " ind2=" " tag="040"><subfield code="a">NPX</subfield><subfield code="b">eng</subfield><subfield code="c">NPX</subfield><subfield code="d">DLC</subfield><subfield code="d">NOP</subfield><subfield code="d">CNW</subfield><subfield code="d">SXN</subfield><subfield code="d">CVF</subfield><subfield code="d">OCLCQ</subfield><subfield code="d">OCLCF</subfield><subfield code="d">OCLCO</subfield><subfield code="d">CUS</subfield></datafield><datafield ind1=" " ind2=" " tag="042"><subfield code="a">pcc</subfield></datafield><datafield ind1=" " ind2=" " tag="043"><subfield code="a">n-us-sd</subfield></datafield><datafield ind1="0" ind2="0" tag="050"><subfield code="a">Newspaper 9200-X</subfield></datafield><datafield ind1="0" ind2=" " tag="130"><subfield code="a">Frontier scout (Fort Rice, N.D.)</subfield></datafield><datafield ind1="1" ind2="0" tag="245"><subfield code="a">Frontier scout.</subfield></datafield><datafield ind1=" " ind2=" " tag="260"><subfield code="a">Fort Rice, D.T. [i.e. N.D.] :</subfield><subfield code="b">C.H. Champney,</subfield><subfield code="c">1865.</subfield></datafield><datafield ind1=" " ind2=" " tag="300"><subfield code="a">volumes ;</subfield><subfield code="c">32 cm.</subfield></datafield><datafield ind1=" " ind2=" " tag="310"><subfield code="a">Weekly</subfield></datafield><datafield ind1=" " ind2=" " tag="336"><subfield code="a">text</subfield><subfield code="b">txt</subfield><subfield code="2">rdacontent</subfield></datafield><datafield ind1=" " ind2=" " tag="337"><subfield code="a">unmediated</subfield><subfield code="b">n</subfield><subfield code="2">rdamedia</subfield></datafield><datafield ind1=" " ind2=" " tag="338"><subfield code="a">volume</subfield><subfield code="b">nc</subfield><subfield code="2">rdacarrier</subfield></datafield><datafield ind1="0" ind2=" " tag="362"><subfield code="a">Vol. 1, no. 1 (June 15, 1865)-v. 1, no. 15 (Oct. 12, 1865).</subfield></datafield><datafield ind1=" " ind2=" " tag="530"><subfield code="a">Available on microfilm from the State Historical Society of North Dakota.</subfield></datafield><datafield ind1=" " ind2=" " tag="550"><subfield code="a">Operated by the 1st. U.S.V. Infantry in North Dakota.</subfield></datafield><datafield ind1=" " ind2="0" tag="651"><subfield code="a">Fort Rice (N.D.)</subfield><subfield code="v">Newspapers.</subfield></datafield><datafield ind1=" " ind2="0" tag="651"><subfield code="a">Morton County (N.D.)</subfield><subfield code="v">Newspapers.</subfield></datafield><datafield ind1=" " ind2="0" tag="651"><subfield code="a">Dakota Territory</subfield><subfield code="v">Newspapers.</subfield></datafield><datafield ind1=" " ind2="7" tag="651"><subfield code="a">North Dakota</subfield><subfield code="z">Fort Rice.</subfield><subfield code="2">fast</subfield><subfield code="0">(OCoLC)fst01251914</subfield></datafield><datafield ind1=" " ind2="7" tag="651"><subfield code="a">North Dakota</subfield><subfield code="z">Morton County.</subfield><subfield code="2">fast</subfield><subfield code="0">(OCoLC)fst01213445</subfield></datafield><datafield ind1=" " ind2="7" tag="651"><subfield code="a">United States</subfield><subfield code="z">Dakota Territory.</subfield><subfield code="2">fast</subfield><subfield code="0">(OCoLC)fst01228148</subfield></datafield><datafield ind1=" " ind2="7" tag="655"><subfield code="a">Newspapers.</subfield><subfield code="2">fast</subfield><subfield code="0">(OCoLC)fst01423814</subfield></datafield><datafield ind1=" " ind2=" " tag="752"><subfield code="a">United States</subfield><subfield code="b">North Dakota</subfield><subfield code="c">Morton</subfield><subfield code="d">Fort Rice.</subfield></datafield><datafield ind1="0" ind2="0" tag="780"><subfield code="t">Frontier scout (Fort Union, N.D.)</subfield><subfield code="w">(DLC)sn 83025444</subfield><subfield code="w">(OCoLC)9470428</subfield></datafield><datafield ind1="1" ind2=" " tag="029"><subfield code="a">AU@</subfield><subfield code="b">000025814078</subfield></datafield></record>